@article{Welch:1947,
    author = {Welch, B. L.},
    title = "{The generalization of ``Student's'' problem when several population variances are involved.}",
    journal = {Biometrika},
    volume = {34},
    number = {1--2},
    pages = {28--35},
    year = {1947},
    month = {01},
    issn = {0006-3444},
    doi = {10.1093/biomet/34.1-2.28},
    url = {https://doi.org/10.1093/biomet/34.1-2.28},
}

@article{Satterthwaite:1946,
 ISSN = {00994987},
 URL = {http://www.jstor.org/stable/3002019},
 author = {F. E. Satterthwaite},
 journal = {Biometrics Bulletin},
 number = {6},
 pages = {110--114},
 publisher = {[International Biometric Society, Wiley]},
 title = {An Approximate Distribution of Estimates of Variance Components},
 volume = {2},
 year = {1946}
}


@article{Janssen:1997,
title = "Studentized permutation tests for non-i.i.d. hypotheses and the generalized {B}ehrens--{F}isher problem",
journal = "Statistics & Probability Letters",
volume = "36",
number = "1",
pages = "9--21",
year = "1997",
issn = "0167-7152",
doi = "https://doi.org/10.1016/S0167-7152(97)00043-6",
url = "http://www.sciencedirect.com/science/article/pii/S0167715297000436",
author = "Arnold Janssen",
}
